@ARTICLE{trevino:chinchmodel,
	AUTHOR="Trevino, M. and Lobarinas, E. and Maulden, A. C. and Heinz, M. G.",
	TITLE="The chinchilla animal model for hearing science and noise-induced hearing loss",
	JOURNAL="Journal of the Acoustical Society of America",
	VOLUME="146",
	NUMBER="5",
	PAGES="3710",
	YEAR="1980",
	DOI="10.1121/1.5132950"
}

@ARTICLE{ekdale:chinchanat,
	AUTHOR="Ekdale, E. G.",
	TITLE="Form and function of the mammalian inner ear",
	JOURNAL="Journal of anatomy",
	VOLUME="228",
	NUMBER="2",
	PAGES="324-337",
	YEAR="2016",
	DOI="10.1111/joa.12308"
}

@ARTICLE{wang:femodel,
	AUTHOR="Wang, X. and Gan, R. Z.",
	TITLE="3D finite element model of the chinchilla ear for characterizing middle ear functions",
	JOURNAL="Biomechanics and modeling in mechanobiology",
	VOLUME="15",
	NUMBER="5",
	PAGES="1263-1277",
	YEAR="2016",
	DOI="10.1007/s10237-016-0758-5"
}

@ARTICLE{romano:nerves,
	AUTHOR="Romano, N. and Federici, M. and Castaldi, A.",
	TITLE="Imaging of cranial nerves: a pictorial overview",
	JOURNAL="Insights into imaging",
	VOLUME="10",
	NUMBER="1",
	PAGES="33",
	YEAR="2019",
	DOI="10.1186/s13244-019-0719-5"
}

@ARTICLE{ni:cochmcx,
	AUTHOR="Ni, G. and Elliott, S. J. and Ayat, M. and Teal, P. D.",
	TITLE="Modeling cochlear mechanics",
	JOURNAL="BioMed research international",
	VOLUME="2014",
	YEAR="2014",
	DOI="10.1155/2014/150637"
}

@ARTICLE{choi,
	AUTHOR="Choi, C. H. and Oghalai, J. S.",
	TITLE="Perilymph osmolality modulates cochlear function",
	JOURNAL="The Laryngoscope",
	VOLUME="118",
	NUMBER="9",
	PAGES="1621-1629",
	YEAR="2008",
	DOI="10.1097/MLG.0b013e3181788d72"
}

@ARTICLE{cushing,
	AUTHOR="Cushing, S.L and Papsin, B.C.",
	TITLE="Cochlear Implants and Children with Vestibular Impairments",
	JOURNAL="Semin Hear",
	VOLUME="39",
	PAGES="305-320",
	YEAR="2018",
}

@ARTICLE{sokolov,
	AUTHOR="Sokolov, M. and Gordon, K.A. and Polonenko, M. and Blaser, S.I. and Papsin, B.C. and Cushing, S.L.",
	TITLE="Vestibular and balance function is often impaired in children with profound unilateral sensorineural hearing loss",
	JOURNAL="Hear Res",
	VOLUME="372",
	PAGES="52-61",
	YEAR="2019",
}

@ARTICLE{mizrachi,
	AUTHOR="Mizrachi, A. and Hilly, O. and Raveh, E. and Attias, J. and Nageris, B.I.",
	TITLE="Hearing Loss After Vestibular Implantation in Sand Rats With Normal Hearing",
	JOURNAL="JAMA Otolaryngol Head Neck Surg",
	VOLUME="141",
	PAGES="840-4",
	YEAR="2015",
}

@ARTICLE{ding,
	AUTHOR="Ding, C.R. and Xu, X.D. and Wang, X.W. and Jia, X.H. and Cheng, X. and Liu, X. and Yang, L. and Tong, B.S. and Chi, F.L. and Ren, D.D.",
	TITLE="Effect of Endolymphatic Hydrops on Sound Transmission in Live Guinea Pigs Measured with a Laser Doppler Vibrometer",
	JOURNAL="Neural Plast",
	VOLUME="301",
	PAGES="72-84",
	YEAR="2016",
}

@ARTICLE{kim,
	AUTHOR="Kim, N. and Steele, C.R. and Puria, S.",
	TITLE="Superior-semicircular-canal dehiscence: effects of location, shape, and size on sound conduction",
	JOURNAL="Hear Res",
	VOLUME="301",
	PAGES="72-84",
	YEAR="2013",
}

@ARTICLE{slicer,
	AUTHOR="A. Fedorov and R. Beichel and J. Kalpathy-Cramer and J. Finet, J.C. and Fillion-Robin, S. and Pujol, C. and Bauer, D. and Jennings, F. and Fennessy, M. and Sonka, J. and Buatti, S. and Aylward, J.V. and Miller, S. and Pieper, and R. Kikinis",
	TITLE="3D Slicer as an image computing platform for the quantitative imaging network",
	JOURNAL="Magn. Reson. Imaging",
	VOLUME="30",
	NUMBER="9",
	YEAR="2012",
	DOI="10.1016/j.mri.2012.05.001"
}

@ARTICLE{rabbitt,
	AUTHOR="Rabbitt R. D.",
	TITLE="Semicircular canal biomechanics in health and disease",
	JOURNAL="Journal of neurophysiology",
	VOLUME="121",
	NUMBER="3",
	PAGES="732-755",
	YEAR="2019",
	DOI="10.1152/jn.00708.2018"
}

@ARTICLE{iversen,
	AUTHOR="Iversen, M. M. and Rabbitt, R. D.",
	TITLE="Wave Mechanics of the Vestibular Semicircular Canals",
	JOURNAL="Biophysical journal",
	VOLUME="113",
	NUMBER="5",
	PAGES="1133-1149",
	YEAR="2017",
	DOI="10.1016/j.bpj.2017.08.001"
}

@ARTICLE{mason,
	AUTHOR="Mason M. J.",
	TITLE=" Structure and function of the mammalian middle ear. II: Inferring function from structure",
	JOURNAL="Journal of anatomy",
	VOLUME="228",
	NUMBER="2",
	PAGES="300-312",
	YEAR="2016",
	DOI="10.1111/joa.12316"
}

@ARTICLE{lo,
	AUTHOR="Lo, W. W. and et al.",
	TITLE="The endolymphatic duct and sac",
	JOURNAL="American Journal of Neuroradiology",
	VOLUME="18",
	NUMBER="5",
	PAGES="881",
	YEAR="1997",
}

% 15067575 
@Article{ensac,
	Author="Couloigner, V.  and Teixeira, M.  and Sterkers, O.  and Rask-Andersen, H.  and Ferrary, E. ",
	Title="{[{T}he endolymphatic sac: its roles in the inner ear]}",
	Journal="Med Sci (Paris)",
	Year="2004",
	Volume="20",
	Number="3",
	Pages="304--310",
	Month="Mar"
}

@manual{ansys,
	author = "Ansys Inc.",
	address = "Canonsburg, PA, USA",
	title = "AnsysÂ® Academic Research Mechanical",
	howpublished = "Release 18.1",
	year = "2018",
	url = "http://www.ansys.com"
}